@article{towards-computational-stringart,
    author = {Michael Birsak and Florian Rist and Peter Wonka and Przemyslaw Musialski},
    title = {String Art: Towards Computational Fabrication of String Images},
    journal = {ResearchGate},
    year = {2018},
    url = {https://www.researchgate.net/publication/322766118_String_Art_Towards_Computational_Fabrication_of_String_Images}
}

@article{computational-stringart,
    author = {RUBEN SOCHA},
    title = {Computational String Art},
    journal = {Diva},
    year = {2024},
    url = {https://www.diva-portal.org/smash/get/diva2:1880384/FULLTEXT01.pdf}
}

@inbook{convex-optimization,
    author = {Stephen Boyd and Lieven Vandenberghe},
    title = {Convex Optimization},
    publisher = {cambridge university press},
    year = {2004},
    chapter = {4.4}, 
}

@article{perceptual_image_quality,
    author = {N. Ponomarenko et al.},
    title = {Image database TID2013: Peculiarities, results
and perspectives},
    year = {2015},
    url = {https://www.ponomarenko.info/papers/tid2013.pdf},
    journal = {ScienceDirect},
    pages = {76}
}

@article{fsimc,
    author = {Lin Zhang and Xuanqin Mou and David Zhang},
    title = {FSIM: A Feature Similarity Index for Image Quality Assessment},
    journal = {PolyU},
    url = {https://www4.comp.polyu.edu.hk/~cslzhang/IQA/TIP_IQA_FSIM.pdf},
    year = {}
}